@article{IrimieAndPetcu,
    author = {Irimie, Bogdan Constantin and Petcu, Dana},
    file = {:home/constantin/projects/ScalableAndFaultTolerantMonitoringOfSecurityParametersInTheCloud/Scalable and fault tolerant monitoring of security parameters in the cloud.pdf:pdf},
    title = {{Scalable and fault tolerant monitoring of security parameters in the cloud}}
}
@article{Hussain2013,
annote = {RMS - Resource Management System
Polices for resources utilisation
SMP - Symetric Multi Processing
PVM - paralel virtual machine
AMI -Amazon Machine Image},
author = {Hussain, Hameed and Malik, Saif Ur Rehman and Hameed, Abdul and Khan, Samee Ullah and Bickler, Gage and Min-Allah, Nasro and Qureshi, Muhammad Bilal and Zhang, Limin and Yongji, Wang and Ghani, Nasir and Kolodziej, Joanna and Zomaya, Albert Y. and Xu, Cheng-Zhong and Balaji, Pavan and Vishnu, Abhinav and Pinel, Fredric and Pecero, Johnatan E. and Kliazovich, Dzmitry and Bouvry, Pascal and Li, Hongxiang and Wang, Lizhe and Chen, Dan and Rayes, Ammar},
doi = {10.1016/j.parco.2013.09.009},
file = {:home/bogdan/.local/share/data/Mendeley Ltd./Mendeley Desktop/Downloaded/Hussain et al. - 2013 - A survey on resource allocation in high performance distributed computing systems.pdf:pdf},
issn = {01678191},
journal = {Parallel Computing},
keywords = {Resource allocation,Resource management,Scheduling},
number = {11},
pages = {709--736},
publisher = {Elsevier B.V.},
title = {{A survey on resource allocation in high performance distributed computing systems}},
url = {http://linkinghub.elsevier.com/retrieve/pii/S016781911300121X},
volume = {39},
year = {2013}
}
